@Book{streetman,
	author = {Ben G. Streetman and Sanjay Kumar Banerjee},
	title = {Solid state electronic devices},
	year = {2006},
	publisher = {Prentice Hall}
}
@Article{d-linje-temp,
	author = {Tz Arguirov and W Seifert and M Kittlerand J Reif},
	title = {Temperature behaviour of photoluminescence and electron-beam-induced current recombination behaviour of extended defects in solar grade silicon},
	year  ={2002},
	journal = {J. Phys: Condens}
}
@Article{dislokasjoner85,
	author = {R. Sauer and J. Weber and and J. Stolz},
	title = {Dislocation-Related Photoluminescence in Silicon},
	year  ={1985},
	journal = {}
}
@Article{replica,
  title = {Dislocation-related electroluminescence at room temperature in plastically deformed silicon},
  author = {Kveder, V. V. and Steinman, E. A. and Shevchenko, S. A. and Grimmeiss, H. G.},
  journal = {Phys. Rev. B},
  year = {1995},
  publisher = {American Physical Society}
}
@Article{spekterbredning,
	author = {K. Leosson and  J.R. Jensen and J.M. Hvam and W. Langbein},
	title = {Linewidth Statistics of Single InGaAs Quantum Dot Photoluminescence Lines},
	year  ={2000},
	journal = {}
}
@Article{davies88,
	author = {Gordon Davies},
	title = {The Optical Properties Of Luminescence Centres In Silicon},
	year  ={1988},
	journal = {}
}
@Article{arguirov,
	author = {T. Arguirov and W.Seifer and G. Jia and M. Kittler },
	title = {Photoluminiscence Study on Defects Multicrystalline Silicon},
	year  ={2006},
	journal = {}
}
@Article{tarasov00,
	author = {I. Tarasov and S. Ostapenko and C.Haessler and E.-U. Reisner},
	title = {Spatially resolved defect diagnostics in multicrystalline silicon for solar cells},
	year  ={2000},
	journal = {Elsevier Science S.A}
}
@Article{erbium,
	author = {A. J. Kenyon and C. E. Chryssoua and C. W. Pitta and T. Shimizu-Iwayamab and D. E. Holec and N. Sharmad and C. J. Humphreysd},
	title = {Broad-band and flashlamp pumping of 1.53 \micro m emission from erbium-doped silicon nanocrystals},
	year  ={2001},
	journal = {}
}
@Article{andre_harmonisk,
  title = {Generation of Optical Harmonics},
  author = {G. Franken and P. A. and Hill and A. E. and Peters and C. W. and Weinreich},
  journal = {Phys. Rev. Lett.},
  volume = {7},
  number = {4},
  year = {1961},
  month = {Aug},
  doi = {10.1103/PhysRevLett.7.118},
  publisher = {American Physical Society}
}
@Article{aps,
	author = {Bahram Jalali},
	title = {Physics and Technology Forefronts - Silicon Lasers},
	year  ={2006},
	journal = {American Physical Society}
}









% Ikke lenger i bruk
@Misc{old_lens,
	title  ={ACN127-020-B},
	key = {o_linse},
	note = {\url{http://www.thorlabs.de/NewGroupPage11.cfm?ObjectGroup_ID=259}}
}
@Misc{kamera,
	title = {iDus InGaAs Spectroscopy CCD},
	key = {Kamera},
	note = {\url{http://www.andor.com/scientific_cameras/idus-ingaas/models/default.aspx?iProductCodeID=27}}
}
@Misc{spektrometer,
	title  ={iHR550 Imaging Spectrometer},
	key = {Spektrometer},
	note = {\url{http://www.horiba.com/us/en/scientific/products/optical-spectroscopy/spectrometers-monochromators/ihr/ihr550-imaging-spectrometer-200/}}
}
@Misc{beamsplitter,
	title  ={Broadband Non-Polarizing Beam Splitter Cube},
	key = {o_beamsplitter},
	note = {\url{http://www.thorlabs.com/thorProduct.cfm?partNumber=BS017}}
}
@Misc{objektiv,
	title  ={50X Mitutoyo Plan NIR HR Infinity-Corrected Objective},
	key = {Objektiv},
	note = {\url{http://www.edmundoptics.com/uk/onlinecatalog/displayproduct.cfm?productID=1950}}
}
@Misc{speil,
	title = {Protected Silver Mirror},
	key = {Speil},
	note = {\url{http://www.thorlabs.de/NewGroupPage9.cfm?ObjectGroup_ID=903&pn=PF10-03-P01-10&CFID=807318&CFTOKEN=81881983}}
}
@Misc{new_lens,
	title = {Uncoated UV Fused Silica Bi-Convex Lens},
	key = {n_linse},
	note = {\url{http://www.thorlabs.com/NewGroupPage9.cfm?ObjectGroup_ID=126}}
}
@Misc{iris,
	title = {Mounted Stainless Steel Iris},
	key = {Iris},
	note = {\url{http://www.thorlabs.com/thorProduct.cfm?partNumber=ID12SS/M}}
}
@Misc{flipmount,
	title = {Flip Mount},
	key = {Flip},
	note = {\url{http://www.thorlabs.com/thorProduct.cfm?partNumber=FM90/M}}
}
@Misc{beamsplitter_ny,
	title = {Broadband Non-Polarizing Beam Splitter Cube},
	key = {n_beamsplitter2},
	note = {\url{http://www.thorlabs.de/thorProduct.cfm?partNumber=BS018}}
}
@Misc{post,
	title = {Post},
	key = {post},
	note = {\url{http://www.thorlabs.de/thorProduct.cfm?partNumber=TR75/M}}
}
@Misc{postholder,
	title = {Post Holder},
	key = {Postholder},
	note = {http://www.thorlabs.com/thorProduct.cfm?partNumber=PH2/M}
}
@Misc{flipmount_linse,
	title = {Flip mount - lens holder},
	key = {flip_linse},
	note = {\url{http://www.thorlabs.com/NewGroupPage9.cfm?ObjectGroup_ID=1447}}
}