@Book{(streetman),
	author = {Dunno},
	title = {Elektronfysikk},
	year = {2001},
	publisher = {Prentice Hall}
}

@Article{(davies88),
	author = {Gordon Davies},
	title = {The Optical Properties Of Luminescence Centres In Silicon},
	year  ={1988},
	journal = {}
}